@article{Armadillo,
	title={Armadillo: a template-based C++ library for linear algebra},
	author={Sanderson, Conrad and Curtin, Ryan},
	journal={Journal of Open Source Software},
	volume={1},
	number={2},
	pages={26--32},
	year={2016},
	publisher={Journal of Open Source Software}
}

@article{PhysRevA.48.3561,
	title = {Two electrons in an external oscillator potential: Particular analytic solutions of a Coulomb correlation problem},
	author = {Taut, M.},
	journal = {Phys. Rev. A},
	volume = {48},
	issue = {5},
	pages = {3561--3566},
	numpages = {0},
	year = {1993},
	month = {Nov},
	publisher = {American Physical Society},
	doi = {10.1103/PhysRevA.48.3561},
	url = {http://link.aps.org/doi/10.1103/PhysRevA.48.3561}
}